@article{dyment2010quality,
  title={The quality of reflection in student journals: A review of limiting and enabling factors},
  author={Dyment, Janet E and O’connell, Timothy S},
  journal={Innovative Higher Education},
  volume={35},
  pages={233--244},
  year={2010},
  publisher={Springer}
}

@book{Schon83,
  added-at = {2010-08-12T20:59:38.000+0200},
  address = {London},
  author = {Schon, D},
  biburl = {https://www.bibsonomy.org/bibtex/2f469f90c243f97ece0a8b0be2acccd4d/referrator},
  interhash = {07c0023d0ad189d614a9c291880f134d},
  intrahash = {f469f90c243f97ece0a8b0be2acccd4d},
  keywords = {myown},
  publisher = {Temple Smith},
  timestamp = {2010-08-12T20:59:38.000+0200},
  title = {The reflective practitioner. {H}ow professionals think in action},
  year = 1983
}
@article{levasseur2010people,
  title={People skills: Ensuring project success—A change management perspective},
  author={Levasseur, Robert E},
  journal={Interfaces},
  volume={40},
  number={2},
  pages={159--162},
  year={2010},
  publisher={Informs}
}
@article{thurow1999dynamics,
  title={The dynamics of multidisciplinary research teams in academia},
  author={Thurow, Amy Purvis and Abdalla, Charles William and Younglove-Webb, Julie and Gray, Barbara},
  journal={The review of higher education},
  volume={22},
  number={4},
  pages={425--440},
  year={1999},
  publisher={Johns Hopkins University Press}
}

@article{figg2006scientific,
  title={Scientific collaboration results in higher citation rates of published articles},
  author={Figg, William D and Dunn, Lara and Liewehr, David J and Steinberg, Seth M and Thurman, Paul W and Barrett, J Carl and Birkinshaw, Julian},
  journal={Pharmacotherapy: The Journal of Human Pharmacology and Drug Therapy},
  volume={26},
  number={6},
  pages={759--767},
  year={2006},
  publisher={Wiley Online Library}
}